@online{siteDisplay7,
    author = {Krishna Pattabiraman},
    title = {How to Set up 7-Segment Displays on the Arduino},
    year = {2017},
    url = {http://www.circuitbasics.com/arduino-7-segment-display-tutorial/},
    note = {Acessado em: 15 de junho de 2019.}
}

@online{siteLEDMatrix,
    author = {Euler Oliveira},
    title = {Arduino â€“ Utilizando a Matriz de LED 5mm 8X8},
    year = {2017},
    url = {http://blogmasterwalkershop.com.br/arduino/arduino-utilizando-a-matriz-de-led-5mm-8x8/},
    note = {Acessado em: 20 de junho de 2019.}
}